@phdthesis{ref,
    author={Oludayo John Oguntoyinbo},
    title={PID control of brushless DC motor and robot trajectory planning and simulation},
    school={Vaasan ammattikorkeakoulu, University of applied sciences},
    year={2009},
    note={http://publications.theseus.fi/bitstream/handle/10024/7467/Oludayo\%20Oguntoyinbo.pdf}
}

@article{ref2,
    author={Christophe Le Lann},
    title={Le PID utilisé en régulation de position et/ou de vitesse de moteurs
électriques},
    year={2006-2007},
    note={http://www.totofweb.net/projets/pid/rapport.pdf}
}

@book{ref3,
    author={Benoît Panicaud AND Jérôme Noailles},
    title={EA01 - Automatique et asservissement},
    year={2009},
    publisher={Université de Technologie de Troyess}
}

@book{ref4,
    author={Christopher Clark},
    title={cos 495 - Autonomous Robot Navigation},
    year={2011},
    publisher={Princeton University},
    note={https://www.cs.princeton.edu/courses/archive/fall11/cos495/lectures.html}
}

@book{ref5,
    author={Robot concept Ville d'Avray},
    title={ODOMETRIE par l’équipe RCVA },
    year={2010},
    publisher={IUT Ville d'Avray},
    note={http://www.rcva.fr/images/stories/site/cours/Odometrie2010/ODOMETRIE\_2010.pdf}
}

@book{ref6,
    author={Pinkasfeld Joseph AND Morvan Sébastien AND Paul Morelle },
    title={Rapport de TX - Projet de Robotique},
    year={2007},
    publisher={Université de Technologie de Compiègne},
    note={http://assos.utc.fr/utcoupe/old/2007/fichiers/RapportTX.pdf}
}